<record><leader>00000cas a22000007a 4500</leader><controlfield tag="001">34259079</controlfield><controlfield tag="008">960223c19689999caumx ne      0    0eng d</controlfield><datafield ind1=" " ind2=" " tag="010"><subfield code="a">sn 95062828 </subfield></datafield><datafield ind1=" " ind2=" " tag="040"><subfield code="a">CNK</subfield><subfield code="b">eng</subfield><subfield code="c">CNK</subfield><subfield code="d">OCLCQ</subfield><subfield code="d">OCLCF</subfield><subfield code="d">OCLCO</subfield></datafield><datafield ind1="1" ind2=" " tag="029"><subfield code="a">AU@</subfield><subfield code="b">000025883216</subfield></datafield><datafield ind1=" " ind2=" " tag="042"><subfield code="a">msc</subfield></datafield><datafield ind1=" " ind2=" " tag="043"><subfield code="a">n-us-ca</subfield></datafield><datafield ind1="0" ind2="0" tag="245"><subfield code="a">Kensington outlook.</subfield></datafield><datafield ind1=" " ind2=" " tag="260"><subfield code="a">Kensington, Calif. :</subfield><subfield code="b">Kensington Community Council</subfield></datafield><datafield ind1=" " ind2=" " tag="300"><subfield code="a">v.</subfield></datafield><datafield ind1=" " ind2=" " tag="310"><subfield code="a">Ten times a year</subfield></datafield><datafield ind1="0" ind2=" " tag="362"><subfield code="a">Vol. 24, no. 4 (Apr. 1968)-</subfield></datafield><datafield ind1=" " ind2="0" tag="651"><subfield code="a">Kensington (Calif.)</subfield><subfield code="v">Newspapers.</subfield></datafield><datafield ind1=" " ind2="7" tag="655"><subfield code="a">Newspapers.</subfield><subfield code="2">fast</subfield><subfield code="0">(OCoLC)fst01423814</subfield></datafield><datafield ind1=" " ind2="7" tag="651"><subfield code="a">California</subfield><subfield code="z">Kensington.</subfield><subfield code="2">fast</subfield><subfield code="0">(OCoLC)fst01214336</subfield></datafield><datafield ind1="2" ind2=" " tag="710"><subfield code="a">Kensington Community Council.</subfield></datafield><datafield ind1=" " ind2=" " tag="752"><subfield code="a">United States</subfield><subfield code="b">California</subfield><subfield code="c">Contra Costa</subfield><subfield code="d">Kensington.</subfield></datafield><datafield ind1="0" ind2="0" tag="780"><subfield code="t">Arlington outlook</subfield><subfield code="w">(DLC)sn 95062827</subfield></datafield></record>